<record><leader>00000cas a22000007a 4500</leader><controlfield tag="001">13412553</controlfield><controlfield tag="008">860409d18891907pauwr ne      0    0eng d</controlfield><datafield ind1=" " ind2=" " tag="010"><subfield code="a">sn 86081266 </subfield></datafield><datafield ind1=" " ind2=" " tag="040"><subfield code="a">NPH</subfield><subfield code="b">eng</subfield><subfield code="c">NPH</subfield><subfield code="d">OCLCQ</subfield></datafield><datafield ind1=" " ind2=" " tag="042"><subfield code="a">msc</subfield></datafield><datafield ind1="0" ind2=" " tag="130"><subfield code="a">Athens news (Athens, Pa.)</subfield></datafield><datafield ind1="1" ind2="4" tag="245"><subfield code="a">The Athens news.</subfield></datafield><datafield ind1=" " ind2=" " tag="260"><subfield code="a">Athens, Pa. :</subfield><subfield code="b">S.W. Alvord,</subfield><subfield code="c">1889-</subfield></datafield><datafield ind1=" " ind2=" " tag="300"><subfield code="a">v. :</subfield><subfield code="b">ill. ;</subfield><subfield code="c">50 cm.</subfield></datafield><datafield ind1=" " ind2=" " tag="310"><subfield code="a">Weekly</subfield></datafield><datafield ind1="0" ind2=" " tag="362"><subfield code="a">Vol. 1, no. 1 (Dec. 6, 1889)-</subfield></datafield><datafield ind1="1" ind2=" " tag="362"><subfield code="a">Ceased in 1907?</subfield><subfield code="z">Cf. Rossell, G. Pa. newspapers.</subfield></datafield><datafield ind1=" " ind2=" " tag="580"><subfield code="a">Also issued in a daily edition called: Daily news (Athens, Pa.), May 2, 1889-1892; Evening news (Athens, Pa.), 1892-&lt;1907&gt;.</subfield></datafield><datafield ind1=" " ind2=" " tag="752"><subfield code="a">United States</subfield><subfield code="b">Pennsylvania</subfield><subfield code="c">Bradford</subfield><subfield code="d">Athens.</subfield></datafield><datafield ind1="1" ind2=" " tag="775"><subfield code="t">Daily news (Athens, Pa.)</subfield><subfield code="w">(DLC)sn 86081264</subfield></datafield><datafield ind1="1" ind2=" " tag="775"><subfield code="t">Evening news (Athens, Pa.)</subfield><subfield code="w">(DLC)sn 86081265</subfield></datafield></record>